% Encoding: UTF-8




@Online{brachet:texmaker,
  Title                    = {Texmaker : original LaTeX editor since 2003 by the creator of Kile},
  Author                   = {Brachet, Pascal},
  URL                      = {http://www.xm1math.net/texmaker/},
  Urldate                  = {2015-11-30},
  Year                     = {2015}
}

@Online{JabRef:JabRef,
  Title                    = {JabRef},
  Author                   = {{JabRef contributers}},
  URL                      = {http://www.jabref.org},
  Urldate                  = {2015-01-12},
  Year                     = {2003}
}

@Book{Knuth:TeXbook,
  Title                    = {The TeXBook},
  Author                   = {Donald E. Knuth},
  Publisher                = {Addison-Wesley},
  Date                     = {1986-05}
}

@Online{koch:texshop,
  Title                    = {TeXShop},
  Author                   = {Koch, Richard and others},
  URL                      = {http://pages.uoregon.edu/koch/texshop/},
  Urldate                  = {2015-11-30},
  Year                     = {2015}
}

@Book{kopka:latex,
  Title                    = {LaTeX. Band 1: Einführung},
  Author                   = {Kopka, Helmut},
  Publisher                = {Pearson Studium},
  Year                     = {2006},
  Address                  = {München},
  Edition                  = {3., überarb. Aufl., [Nachdr.]},
  ISBN                     = {3-8273-7038-8},
  Keywords                 = {LATEX <Programm>. LATEX 2E. LaTeX (Computer program). LATEX <Programm>. Programm. LATEX 2E},
  Pages                    = {XXII, 521 S.}
}

@Book{mittelbach_goossens:latex_begleiter,
  Title                    = {Der LaTeX-Begleiter},
  Author                   = {Mittelbach, Frank and Goossens, Michel},
  Editor                   = {Braams, Johannes},
  Publisher                = {Pearson Studium},
  Year                     = {2010},
  Address                  = {München [u.a.]},
  Edition                  = {2. überarb. und erw. Aufl., [Nachdr.]},
  ISBN                     = {978-3-8273-7166-9},
  Keywords                 = {LATEX <Programm>. LATEX <Programm>. Programm},
  Pages                    = {XXIX, 1137 S.}
}

@Online{schenk:miktex,
  Title                    = {MikTeX},
  Author                   = {Schenk, Christian},
  URL                      = {http://www.miktex.org},
  Urldate                  = {2015-11-30},
  Year                     = {2015}
}

@Online{schlosser:latex_tutorium,
  Title                    = {LaTeX für Studierende und Wissenschaftler: Ein Tutorial zum sicheren Einstieg in das Textsatzsystem},
  Author                   = {Schlosser, Joachim},
  URL                      = {https://www.lynda.com/de/Office-Productivity-Software-tutorials/LaTeX-Studierende-Wissenschaftler/394292-2.html},
  Urldate                  = {2017-11-02},
  Year                     = {2017},
  Address                  = {Graz},
  Pages                    = {Online-Ressource (Laufzeit: 5 Std. 40 min)},
  Publisher                = {video2brain},
  Type                     = {Videodokument}
}

@Book{schlosser:latex_buch,
  Title                    = {Wissenschaftliche Arbeiten schreiben mit LATEX: Leitfaden für Einsteiger},
  Author                   = {Schlosser, Joachim},
  Publisher                = {mitp-Verl.},
  Year                     = {2014},
  Address                  = {Heidelberg; München; Landsberg; Frechen; Hamburg},
  Edition                  = {5., überarb. Aufl.},
  ISBN                     = {978-3-8266-9486-8},
  Keywords                 = {Wissenschaftliches Manuskript. LATEX <Programm>. Programm. LaTeX (Computer file). Computerized typesetting. Technical writing},
  Pages                    = {324 S.}
}

@PhdThesis{Schmidt:Geschaeftsprozesse,
  Title                    = {{Aspektorientierte Komponentensysteme zur Unterstützung weitreichender Geschäftsprozesse}},
  Author                   = {Schmidt, Rainer},
  School                   = {{Institut für Programmstrukturen und Datenorganisation (IPD) Forschungszentrum Informatik, Karlsruhe (FZI)}},
  Year                     = {1999},
  URL                      = {https://publikationen.bibliothek.kit.edu/91999}
}

@Online{SAS:Citavi,
  Title                    = {Citavi - Wissen organisieren. Literatutverwaltung, Wissensorganisation und Aufgabenplanung},
  Author                   = {{Swiss Academic Software}},
  URL                      = {http://www.citavi.de},
  Urldate                  = {2016-01-12},
  Year                     = {2016}
}

@Online{tug:mactex,
  Title                    = {MacTex},
  Author                   = {{Tex User Group}},
  URL                      = {http://www.tug.org/mactex},
  Urldate                  = {2015-11-30},
  Year                     = {2015}
}

@Online{tug:texlive,
  Title                    = {TeX Live},
  Author                   = {{Tex User Group}},
  URL                      = {http://www.tug.org/texlive},
  Urldate                  = {2015-11-30},
  Year                     = {2015}
}

@Comment{jabref-meta: databaseType:biblatex;}

%--------------------------------------%
@Online{LewisFowler2024,
  Title                    = {Microservices: a definition of this new architectural term},
  Author                   = {James Lewis and Martin Fowler},
  URL                      = {https://martinfowler.com/articles/microservices.html},
  Urldate                  = {2024-04-20},
  Year                     = {20114}
}

@Online{CodeMaze2024,
  Title                    = {Onion Architecture in ASP.NET Core},
  Author                   = {{Code Maze}},
  URL                      = {https://code-maze.com/onion-architecture-in-aspnetcore/},
  Urldate                  = {2024-07-13},
  Year                     = {2024}
}

@Online{Svelte2024,
  Title                    = {Svelte - Cybernetically enhanced
                              web apps},
  Author                   = {{Svelte contributors}},
  URL                      = {https://svelte.dev/},
  Urldate                  = {2024-03-20},
  Year                     = {2024}
}

@Online{SvelteExperienceBespoyasov,
  Title     = {My Experience with Svelte and SvelteKit},
  Author    = {Alex Bespoyasov},
  URL       = {https://dev.to/bespoyasov/my-experience-with-svelte-and-sveltekit-342e},
  Urldate   = {2024-06-06},
  Year      = {2022}
}


@Online{SvelteVsSvelteKit2023,
  Title     = {Svelte vs SvelteKit: Understanding Key Differences and Similarities},
  Author    = {Tien Nguyen},
  URL       = {https://www.frontendmag.com/insights/svelte-vs-sveltekit/#Pros_and_Cons},
  Urldate   = {2024-03-20},
  Year      = {2023}
}

@Online{RedHat2023,
  Title                    = {What are application programming interfaces (APIs)?},
  Author                   = {{Red Hat}},
  URL                      = {https://www.redhat.com/de/topics/api/what-are-application-programming-interfaces},
  Urldate                  = {2024-04-20},
  Year                     = {2023}
}

@Online{Unity2024,
  Title                    = {AR Foundation},
  Author                   = {{Unity}},
  URL                      = {https://unity.com/de/unity/features/arfoundation},
  Urldate                  = {2024-04-20},
  Year                     = {2024}
}

@Online{SaladLab2024,
  Title                    = {Json.Net for Unity3D},
  Author                   = {{Salad Lab}},
  URL                      = {https://github.com/SaladLab/Json.Net.Unity3D/#upm},
  Urldate                  = {2024-04-23},
  Year                     = {2016}
}

@Online{ArGpsLocation,
  Title                    = {AR + GPS Location},
  Author                   = {{Daniel Fortes}},
  URL                      = {https://assetstore.unity.com/packages/tools/integration/ar-gps-location-134882},
  Urldate                  = {2024-04-23},
  Year                     = {2023}
}

@Book{martin:clean-architecture,
  Title                    = {Clean Architecture: A Craftsman's Guide to Software Structure and Design},
  Author                   = {Martin, Robert C.},
  Publisher                = {Prentice Hall},
  Year                     = {2018},
  ISBN-13                  = {978-0-13-449416-6},
  ISBN-10                  = {0-13-449416-4},
  Pages                    = {33},
  Note                     = {Part 1, Chapter 1: The Goal}
}

@Book{oreilly:mod-swarch,
  Title                    = {Handbuch moderner Softwarearchitektur},
  Author                   = {Mark Richards, Neal Ford, Übersetzung von Jørgen W. Lang},
  Publisher                = {O’REILLY},
  Year                     = {2021},
  ISBN-13                  = {978-3-96009-149-3},
  Pages                    = {184-189}
}
